@inproceedings{wReed1973,
    author={W. H. Reed and T. R. Hill},
    title={Triangular mesh methods for the neutron transport equation},
    year=1973,
    booktitle={National topical meeting on mathematical methods and computational techniques for analysis of nuclear systems},
    address={Ann Arbor, Michigan, USA},
    month={8 April}
}
